# eurosisLit.bib
# All entries have been acquired from http://dl.acm.org/.

@book{Kirk:2010:PMP:1841511,
	author		= {Kirk, David B. and Hwu, Wen-mei W.},
	title		= {Programming Massively Parallel Processors: A Hands-on Approach},
	year 		= {2010},
	isbn 		= {0123814723, 9780123814722},
	edition 	= {1st},
	publisher 	= {Morgan Kaufmann Publishers Inc.},
	address 	= {San Francisco, CA, USA},
}
@incollection{Stratton:2008:MEI:1485701.1485703,
	author		= {Stratton, John A. and Stone, Sam S. and Hwu, Wen-Mei W.},
	chapter 	= {MCUDA: An Efficient Implementation of CUDA Kernels for Multi-core CPUs},
	title 		= {Languages and Compilers for Parallel Computing},
	editor 		= {Amaral, Jos{\'e} Nelson},
	year 		= {2008},
	isbn 		= {978-3-540-89739-2},
	pages 		= {16--30},
	numpages 	= {15},
	doi 		= {10.1007/978-3-540-89740-8_2},
	acmid 		= {1485703},
	publisher 	= {Springer-Verlag},
	address 	= {Berlin, Heidelberg},
} 
@book{Hwu:2011:GCG:2103614,
	author 		= {Hwu, Wen-mei W.},
	title 		= {GPU Computing Gems Jade Edition},
	year 		= {2011},
	isbn 		= {0123859638, 9780123859631},
	edition 	= {1st},
	publisher 	= {Morgan Kaufmann Publishers Inc.},
	address 	= {San Francisco, CA, USA},
} 