# eurosisWeb.bib
# All entries have been acquired from http://dl.acm.org/.

@misc{gpuocelot,
	author = {Computer Architecture and Systems Lab, School of Electrical and Computer Engineering, Georgia Institute of Technology},
	year = {2013},
	title = {GPU Ocelot},
	howpublished = {\url{http://b.gatech.edu/1a489L1}},
	note = {Accessed: 2013-10-21}
}
@misc{drivertypes,
	author = {Microsoft},
	year = {2013},
	title = {Microsoft's reference on DirectX Driver Types},
	howpublished = {\url{http://bit.ly/1b63NiX}},
	note = {Accessed: 2013-10-21}
}
@misc{floatingpointrules,
	author = {Microsoft},
	year = {2013},
	title = {Microsoft's reference on Floating-Point Rules},
	howpublished = {\url{http://bit.ly/1bOQnZu}},
	note = {Accessed: 2013-11-16}
}
@misc{warp,
	author = {Microsoft},
	year = {2013},
	title = {Microsoft's reference on WARP},
	howpublished = {\url{http://bit.ly/19hiwrZ}},
	note = {Accessed: 2013-10-21}
}
@misc{github,
	author = {Eric Nilsson},
	year = {2013},
	title = {DV2549 - Github},
	howpublished = {\url{http://bit.ly/1c4wd20}},
	note = {Accessed: 2013-10-21}
}